@MISC {stackoverflowlogpostsoln,
    TITLE = {How do I account for numerical overflow with Adaptive MCMC?},
    AUTHOR = {Forgottenscience (https://stats.stackexchange.com/users/63677/forgottenscience)},
    HOWPUBLISHED = {Cross Validated},
    NOTE = {URL:https://stats.stackexchange.com/q/453533 (version: 2020-03-10)},
    EPRINT = {https://stats.stackexchange.com/q/453533},
    URL = {https://stats.stackexchange.com/q/453533},
    year={2020}
}

@inproceedings{beazley1996swig,
  title={SWIG: An Easy to Use Tool for Integrating Scripting Languages with C and C++.},
  author={Beazley, David M and others},
  booktitle={Tcl/Tk Workshop},
  volume={43},
  year={1996}
}

@ARTICLE{2020SciPy-NMeth,
       author = {{Virtanen}, Pauli and {Gommers}, Ralf and {Oliphant},
         Travis E. and {Haberland}, Matt and {Reddy}, Tyler and
         {Cournapeau}, David and {Burovski}, Evgeni and {Peterson}, Pearu
         and {Weckesser}, Warren and {Bright}, Jonathan and {van der Walt},
         St{\'e}fan J.  and {Brett}, Matthew and {Wilson}, Joshua and
         {Jarrod Millman}, K.  and {Mayorov}, Nikolay and {Nelson}, Andrew
         R.~J. and {Jones}, Eric and {Kern}, Robert and {Larson}, Eric and
         {Carey}, CJ and {Polat}, {\.I}lhan and {Feng}, Yu and {Moore},
         Eric W. and {Vand erPlas}, Jake and {Laxalde}, Denis and
         {Perktold}, Josef and {Cimrman}, Robert and {Henriksen}, Ian and
         {Quintero}, E.~A. and {Harris}, Charles R and {Archibald}, Anne M.
         and {Ribeiro}, Ant{\^o}nio H. and {Pedregosa}, Fabian and
         {van Mulbregt}, Paul and {Contributors}, SciPy 1. 0},
        title = "{SciPy 1.0: Fundamental Algorithms for Scientific
                  Computing in Python}",
      journal = {Nature Methods},
      year = "2020",
      volume={17},
      pages={261--272},
      adsurl = {https://rdcu.be/b08Wh},
      doi = {https://doi.org/10.1038/s41592-019-0686-2},
}

@Manual{bokeh,
title = {Bokeh: Python library for interactive visualization},
author = {{Bokeh Development Team}},
year = {2018},
url = {https://bokeh.pydata.org/en/latest/},
}

@article{newdatafitzpatrick2007analysis,
  title={An analysis of the shapes of interstellar extinction curves. V. The IR-through-UV curve morphology},
  author={Fitzpatrick, EL and Massa, D},
  journal={The Astrophysical Journal},
  volume={663},
  number={1},
  pages={320},
  year={2007},
  publisher={IOP Publishing}
}

@article{m31dataclayton2015new,
  title={New ultraviolet extinction curves for interstellar dust in M31},
  author={Clayton, Geoffrey C and Gordon, Karl D and Bianchi, Luciana C and Massa, Derck L and Fitzpatrick, Edward L and Bohlin, RC and Wolff, Michael J},
  journal={The Astrophysical Journal},
  volume={815},
  number={1},
  pages={14},
  year={2015},
  publisher={IOP Publishing}
}

@article{gordon03,
  title={A quantitative comparison of the Small Magellanic Cloud, Large Magellanic Cloud, and Milky Way ultraviolet to near-infrared extinction curves},
  author={Gordon, Karl D and Clayton, Geoffrey C and Misselt, KA and Landolt, Arlo U and Wolff, Michael J},
  journal={The Astrophysical Journal},
  volume={594},
  number={1},
  pages={279},
  year={2003},
  publisher={IOP Publishing}
}

@article{valencic04,
  title={Ultraviolet extinction properties in the Milky Way},
  author={Valencic, Lynne A and Clayton, Geoffrey C and Gordon, Karl D},
  journal={The Astrophysical Journal},
  volume={616},
  number={2},
  pages={912},
  year={2004},
  publisher={IOP Publishing}
}

@article{odrscale,
       author = {Isobe, Takashi and Feigelson, Eric D. and Akritas, Michael G. and
         Babu, Gutti Jogesh},
        title = "{Linear Regression in Astronomy. I.}",
         year = 1990,
        month = nov,
       volume = {364},
        pages = {104},
        %   doi = {10.1086/169390},
       adsurl = {https://ui.adsabs.harvard.edu/abs/1990ApJ...364..104I},
      adsnote = {Provided by the SAO/NASA Astrophysics Data System}
}

@article{r01,
  title={Dust extinction curves and Ly$\alpha$ forest flux deficits for use in modeling gamma-ray burst afterglows and all other extragalactic point sources},
  author={Reichart, Daniel E},
  journal={The Astrophysical Journal},
  volume={553},
  number={1},
  pages={235},
  year={2001},
  publisher={IOP Publishing}
}

@article{d05fits,
  title={Fits, and especially linear fits, with errors on both axes, extra variance of the data points and other complications},
  author={D'Agostini, G},
  journal={arXiv preprint physics/0511182},
  year={2005}
}

@book{brown1990odr,
  title={Statistical analysis of measurement error models and applications: Proceedings of the AMS-IMS-SIAM joint summer research conference held June 10-16, 1989, with support from the National Science Foundation and the US Army Research Office},
  author={Brown, Philip J and Fuller, Wayne A and others},
  volume={112},
  year={1990},
  publisher={American Mathematical Soc.}
}

@article{bickel2005fast,
  title={On a fast, robust estimator of the mode: Comparisons to other robust estimators with applications},
  author={Bickel, David R and Fruehwirth, Rudolf},
  journal={arXiv preprint math/0505419},
  year={2005}
}

@article{haario2001adaptive,
  title={An adaptive Metropolis algorithm},
  author={Haario, Heikki and Saksman, Eero and Tamminen, Johanna and others},
  journal={Bernoulli},
  volume={7},
  number={2},
  pages={223--242},
  year={2001},
  publisher={Bernoulli Society for Mathematical Statistics and Probability}
}

@article{morrison2014obtaining,
  title={Obtaining uncertainty measures on slope and intercept of a least squares fit with Excel’s LINEST},
  author={Morrison, Faith A},
  journal={Houghton, MI: Department of Chemical Engineering, Michigan Technological University. Retrieved August},
  volume={6},
  pages={2015},
  year={2014}
}

@article{hastings1970monte,
  title={Monte Carlo sampling methods using Markov chains and their applications},
  author={Hastings, W Keith},
  year={1970},
  publisher={Oxford University Press}
}

@phdthesis{trotter,
  author       = {Adam S. Trotter}, 
  title        = {The Gamma-Ray Burst Afterglow Modeling Project: Foundational Statistics and Absorption \& Extinction Models},
  school       = {The University of North Carolina at Chapel Hill},
  year         = 2011,
}

@article{tiruneh2013two,
  title={A two-point Newton method suitable for nonconvergent cases and with super-quadratic convergence},
  author={Tiruneh, Ababu Teklemariam and Ndlela, William N and Nkambule, Stanley J},
  journal={Advances in Numerical Analysis},
  volume={2013},
  year={2013},
  publisher={Hindawi}
}

@article{NelderMead65,
  added-at = {2008-09-16T23:39:07.000+0200},
  author = {Nelder, J. A. and Mead, R.},
  biburl = {https://www.bibsonomy.org/bibtex/2053fb791805bd1debd80a198e8f3e45c/brian.mingus},
  description = {CCNLab BibTeX},
  interhash = {a5e0b861cf4f8ed6e67e8ea7cdc4b9ff},
  intrahash = {053fb791805bd1debd80a198e8f3e45c},
  journal = {Computer Journal},
  keywords = {imported},
  owner = {frankmj},
  pages = {308-313},
  timestamp = {2008-09-16T23:40:48.000+0200},
  %title = {A Simplex Method for Function Minimization},
  volume = 7,
  year = 1965
}

@article{maples2018robust,
  title={Robust Chauvenet Outlier Rejection},
  author={Maples, MP and Reichart, DE and Konz, NC and Berger, TA and Trotter, AS and Martin, JR and Dutton, DA and Paggen, ML and Joyner, RE and Salemi, CP},
  journal={The Astrophysical Journal Supplement Series},
  volume={238},
  number={1},
  pages={2},
  year={2018},
  publisher={IOP Publishing}
}

@misc{trkcodebase,        
    url         = {https://skynet.unc.edu/rcr/calculator/downloads}, 
    title       = {TRK Codebase}, 
    journal     = {TRK Codebase}, 
    publisher   = {Skynet Robotic Telescope Network}
}

@misc{trkcalculator, 
    url         = {https://skynet.unc.edu/rcr/calculator/trk}, 
    title       = {TRK Regression Calculator}, 
    journal     = {TRK Regression Calculator}, 
    publisher   = {Skynet Robotic Telescope Network}
}

@article{pearson1896vii,
  title={VII. Mathematical contributions to the theory of evolution.—III. Regression, heredity, and panmixia},
  author={Pearson, Karl},
  journal={Philosophical Transactions of the Royal Society of London. Series A, containing papers of a mathematical or physical character},
  number={187},
  pages={253--318},
  year={1896},
  publisher={The Royal Society London}
}

@article{TRKIapjs,
  author  = {Adam S. Trotter and Daniel E. Reichart and Nicholas C. Konz}, 
  title   = {Fitting Models to Data With Both Intrinsic and Extrinsic Uncertainties in Two Dimensions: Extinction and Absorption Models and the LV Relation},
  year    = 2020,
  note = {Publication in preparation}
}

@article{cardelli1989relationship,
  %title={The relationship between infrared, optical, and ultraviolet extinction},
  author={Cardelli, Jason A and Clayton, Geoffrey C and Mathis, John S},
  journal={The Astrophysical Journal},
  volume={345},
  pages={245--256},
  year={1989}
}
@article{fitzpatrick1988analysis,
  %title={An analysis of the shapes of ultraviolet extinction curves. II-The far-UV extinction},
  author={Fitzpatrick, Edward L and Massa, Derck},
  journal={The Astrophysical Journal},
  volume={328},
  pages={734--746},
  year={1988}
}
@Online{tagstore,
  OPTkey = 	 {},
  author = 	 {Karl Voit},
  title = 	 {tagstore --- Project home page},
  URL   =        {http://tagstore.org},
  urldate =      {2011-12-10},
  month = 	 dec,
  year = 	 2011,
  OPTnote = 	 {},
  OPTannote = 	 {}
}


@Proceedings{PIM2009,
  title =        {PIM09 ASIS\&T 2009 Workshop, Vancouver, BC, Canada},
  year = 	 2009,
  OPTeditor = 	 {},
  OPTvolume = 	 {},
  OPTnumber = 	 {},
  OPTseries = 	 {},
  address = 	 {Vancouver, Canada},
  month = 	 nov,
  OPTorganization = {},
  OPTpublisher = {},
  OPTnote = 	 {},
  URL =          {http://pimworkshop.org/2009/index.php?page=acceptedpapers},
  OPTannote = 	 {}
}

@InProceedings{Voit2009,
  crossref =     {PIM2009},
  author = 	 {Karl Voit and Keith Andrews and Wolfgang Slany},
  title = 	 {Why Personal Information Management (PIM) Technologies Are Not Widespread},
  OPTkey = 	 {},
  pages = 	 {60--64},
  OPTeditor = 	 {},
  OPTvolume = 	 {},
  OPTnumber = 	 {},
  OPTseries = 	 {},
  OPTaddress = 	 {},
  OPTorganization = {},
  OPTpublisher = {},
  OPTnote = 	 {},
  URL =          {http://pimworkshop.org/2009/index.php?page=acceptedpapers},
  OPTannote = 	 {}
}

@Proceedings{USAB2011,
  title         = {Proc.\ 7\textsuperscript{th} Conference of the
                   Austrian Computer Society Workgroup: Human-Computer
                   Interaction (Usab 2011)},
  location      = {Graz, Austria},
  series        = {LNCS},
  volume        = {7058},
  publisher     = {Springer},
  isbn          = {3642253636},
  year          = 2011,
  month         = nov,
  doi           = {10.1007/978-3-642-25364-5_33}
}

@inproceedings{Voit2011,
  crossref      = {USAB2011},
  author        = {Karl Voit and Keith Andrews and Wolfgang Slany},
  title         = {{TagTree}: Storing and Re-finding Files Using Tags},
  pages         = {471--481}
}

@online{KeithThesis,
  author       = {Keith Andrews},
  title        = {Writing a Thesis: Guidelines for Writing a Master's Thesis
                  in Computer Science},
  howpublished = {Graz University of Technology, Austria},
  month        = dec,
  year         = 2011,
  url          = {http://ftp.iicm.edu/pub/keith/thesis/}
}

@Book{Bringhurst1993,
  author = 	 {Robert Bringhurst},
  ALTeditor = 	 {},
  title = 	 {The Elements of Typographic Style},
  publisher = 	 {Hartley and Marks Publishers},
  year = 	 1993,
  OPTkey = 	 {},
  OPTvolume = 	 {},
  OPTnumber = 	 {},
  OPTseries = 	 {},
  OPTaddress = 	 {},
  edition = 	 {first edition},
  OPTmonth = 	 {},
  OPTnote = 	 {},
  OPTannote = 	 {}
}

@Book{Eijkhout2008,
  author = 	 {Victor Eijkhout},
  ALTeditor = 	 {},
  title = 	 {\TeX{} by Topic, a \TeX{}nician's Reference},
  publisher = 	 {},
  year = 	 2008,
  OPTkey = 	 {},
  OPTvolume = 	 {},
  OPTnumber = 	 {},
  OPTseries = 	 {},
  OPTaddress = 	 {},
  edition = 	 {document revision 1.2},
  month = 	 may,
  url =          {http://www.eijkhout.net/texbytopic/texbytopic.html},
  OPTnote = 	 {},
  OPTannote = 	 {}
}

@book{StrunkWhite,
  author       = {Strunk, Jr, William and Elwyn Brooks White},
  title        = {The Elements of Style},
  publisher    = {Longman},
  edition      = {Fourth},
  year         = 1999,
  isbn         = {020530902X},
}

@booklet{Strunk,
  author       = {Strunk, Jr, William},
  title        = {The Elements of Style},
  edition      = {First},
  year         = 1918,
  url          = {http://www.bartleby.com/141/},
}

@booklet{NASAGuide,
  author       = {Mary K. McCaskill},
  title        = {Grammar, Punctuation, and Capitalization:
                  A Handbook for Technical Writers and Editors},
  howpublished = {NASA Langley Research Center SP-7084},
  day          = 3,
  month        = aug,
  year         = 1998,
  url          = {http://stipo.larc.nasa.gov/sp7084/},
}

@book{Zobel-WritingCompSci,
  author       = {Justin Zobel},
  title        = {Writing for Computer Science},
  edition      = {Second},
  publisher    = {Springer},
  year         = 2004,
  isbn         = {1852338024},
}

@book{BugsInWriting,
  author       = {Lyn Dupré},
  title        = {Bugs in Writing: A Guide to Debugging Your Prose},
  publisher    = {Addison-Wesley},
  edition      = {Second},
  year         = 1998,
  isbn         = {020137921X},
}

@book{Phillips-HowGetPhD,
  author       = {Estelle M. Phillips and Derek S. Pugh},
  title        = {How to Get a PhD},
  edition      = {Fourth},
  publisher    = {Open University Press},
  year         = 2005,
  isbn         = {0335216846},
}

@online{Roget,
  author       = {Roget},
  title        = {Roget's Interactive Thesaurus},
  year         = 2004,
  url          = {http://www.thesaurus.com/},
}

@online{RogetII,
  author       = {Roget},
  title        = {Roget's II: The New Thesaurus},
  edition      = {Third},
  year         = 1995,
  url          = {http://www.bartleby.com/62/},
}


@online{DictionaryCom,
  author       = {dictionary.com},
  title        = {dictionary.com},
  year         = 2004,
  url          = {http://dictionary.com/},
}

@online{DictLeoOrg,
  author       = {Leo},
  title        = {Leo English-German Dictionary},
  year         = 2004,
  url          = {http://dict.leo.org/},
}

@online{DictChemnitz,
  author       = {TU Chemnitz},
  title        = {German-English Dictionary},
  year         = 2004,
  url          = {http://dict.tu-chemnitz.de/},
}

